<?xml version="1.0" encoding="UTF-8"?><record xmlns="http://www.loc.gov/MARC21/slim" xmlns:cinclude="http://apache.org/cocoon/include/1.0" xmlns:zs="http://www.loc.gov/zing/srw/">
  <leader>00372cz  a2200121n  4500</leader>
  <controlfield tag="001">nr 00011252 </controlfield>
  <controlfield tag="003">DLC</controlfield>
  <controlfield tag="005">20100213075604.0</controlfield>
  <controlfield tag="008">000403n| acannaabn          |n aaa     c</controlfield>
  <datafield tag="010" ind1=" " ind2=" ">
    <subfield code="a">nr 00011252 </subfield>
  </datafield>
  <datafield tag="040" ind1=" " ind2=" ">
    <subfield code="a">CtY-Mus</subfield>
    <subfield code="b">eng</subfield>
    <subfield code="c">CtY-Mus</subfield>
    <subfield code="d">DLC</subfield>
  </datafield>
  <datafield tag="100" ind1="1" ind2=" ">
    <subfield code="a">He휍혖tu, Jacques,</subfield>
    <subfield code="d">1938-2010.</subfield>
    <subfield code="t">Sonatas,</subfield>
    <subfield code="m">violin, piano,</subfield>
    <subfield code="n">op. 58</subfield>
  </datafield>
  <datafield tag="670" ind1=" " ind2=" ">
    <subfield code="a">He휍혖tu, J. Sonate pour violon et piano, opus 58, c1996.</subfield>
  </datafield>
</record>